@inproceedings{Samiei:2016:CRT:2951894.2951905,
	author = {Samiei, Ahmad and Koumarelas, Ioannis and Loster, Michael and Naumann, Felix},
	title = {Combination of Rule-based and Textual Similarity Approaches to Match Financial Entities},
	booktitle = {Proceedings of the Second International Workshop on Data Science for Macro-Modeling},
	series = {DSMM'16},
	year = {2016},
	isbn = {978-1-4503-4407-4},
	location = {San Francisco, CA, USA},
	pages = {4:1--4:2},
	articleno = {4},
	numpages = {2},
	url = {http://doi.acm.org/10.1145/2951894.2951905},
	doi = {10.1145/2951894.2951905},
	acmid = {2951905},
	publisher = {ACM},
	address = {New York, NY, USA},
} 

@article{le2014distributed,
	title={Distributed Representations of Sentences and Documents},
	author={Le, Quoc and Mikolov, Tomas},
	journal={arXiv preprint arXiv:1405.4053},
	year={2014}
}

@inproceedings{gensim,
	title = {{Software Framework for Topic Modelling with Large Corpora}},
	author = {Radim {\v R}eh{\r u}{\v r}ek and Petr Sojka},
	booktitle = {{Proceedings of the LREC 2010 Workshop on New
	Challenges for NLP Frameworks}},
	pages = {45--50},
	year = 2010,
	month = May,
	day = 22,
	publisher = {ELRA},
	address = {Valletta, Malta},
	note={\url{http://is.muni.cz/publication/884893/en}},
	language={English}
}

@inproceedings{Lee:2016:SCU:2971603.2971631,
	author = {Lee, Sangheon and Jin, Xiangdan and Kim, Wooju},
	title = {Sentiment Classification for Unlabeled Dataset Using Doc2Vec with JST},
	booktitle = {Proceedings of the 18th Annual International Conference on Electronic Commerce: E-Commerce in Smart Connected World},
	series = {ICEC '16},
	year = {2016},
	isbn = {978-1-4503-4222-3},
	location = {Suwon, Republic of Korea},
	pages = {28:1--28:5},
	articleno = {28},
	numpages = {5},
	url = {http://doi.acm.org/10.1145/2971603.2971631},
	doi = {10.1145/2971603.2971631},
	acmid = {2971631},
	publisher = {ACM},
	address = {New York, NY, USA},
	keywords = {Doc2Vec, JST, machine learning, natural language processing, sentiment analysis},
} 


@ARTICLE{bowman:reasoning,
    author = {Bowman, Mic and Debray, Saumya K. and Peterson, Larry L.},
    title = {Reasoning About Naming Systems},
    journal = {ACM Trans. Program. Lang. Syst.},
    volume = {15},
    number = {5},
    pages = {795-825},
    month = {November},
    year = {1993},
    doi = {10.1145/161468.161471},
}

@ARTICLE{braams:babel,
    author = {Braams, Johannes},
    title = {Babel, a Multilingual Style-Option System for Use with LaTeX's Standard Document Styles},
    journal = {TUGboat},
    volume = {12},
    number = {2},
    pages = {291-301},
    month = {June},
    year = {1991},
}

@INPROCEEDINGS{clark:pct,
	AUTHOR = "Malcolm Clark",
	TITLE = "Post Congress Tristesse",
	BOOKTITLE = "TeX90 Conference Proceedings",
	PAGES = "84-89",
	ORGANIZATION = "TeX Users Group",
	MONTH = "March", 
	YEAR = {1991}	}

@ARTICLE{herlihy:methodology,
    author = {Herlihy, Maurice},
    title = {A Methodology for Implementing Highly Concurrent Data Objects},
    journal = {ACM Trans. Program. Lang. Syst.},
    volume = {15},
    number = {5},
    pages = {745-770},
    month = {November},
    year = {1993},
    doi = {10.1145/161468.161469},
}

@BOOK{Lamport:LaTeX,
	AUTHOR = "Leslie Lamport",
	TITLE = "LaTeX User's Guide and Document Reference Manual",
	PUBLISHER = "Addison-Wesley Publishing Company",
	ADDRESS = "Reading, Massachusetts",
	YEAR = "1986"	}

@BOOK{salas:calculus,
	AUTHOR = "S.L. Salas and Einar Hille",
	TITLE = "Calculus: One and Several Variable",
	PUBLISHER = "John Wiley and Sons",
	ADDRESS = "New York",
	YEAR = "1978"	}

@MANUAL{Fear05,
  title = 	 {Publication quality tables in {\LaTeX}},
  author =	 {Simon Fear},
  month =	 {April},
  year =	 2005,
  note =	 {\url{http://www.ctan.org/pkg/booktabs}}
}

@Manual{Amsthm15,
  title = 	 {Using the amsthm Package},
  organization = {American Mathematical Society},
  month =	 {April},
  year =	 2015,
  note =	 {\url{http://www.ctan.org/pkg/amsthm}}
}

